[gd_scene load_steps=7 format=2]

[ext_resource path="res://Game/Game.gd" type="Script" id=1]
[ext_resource path="res://Wall/Walls.tscn" type="PackedScene" id=2]
[ext_resource path="res://Paddle/Paddle.tscn" type="PackedScene" id=3]
[ext_resource path="res://HUD/HUD.tscn" type="PackedScene" id=4]
[ext_resource path="res://Game/victory.wav" type="AudioStream" id=5]
[ext_resource path="res://Assests/Music/VGMA Challenge - July 23rd.wav" type="AudioStream" id=6]

[node name="Game" type="Node"]
script = ExtResource( 1 )

[node name="Walls" parent="." instance=ExtResource( 2 )]

[node name="Paddle" parent="." instance=ExtResource( 3 )]
position = Vector2( 128, 360 )

[node name="BricksGroup" type="Node" parent="."]
editor/display_folded = true

[node name="BallSpawnPoint" type="Node2D" parent="."]
position = Vector2( 128, 344 )

[node name="HUD" parent="." instance=ExtResource( 4 )]

[node name="VictorySound" type="AudioStreamPlayer" parent="."]
stream = ExtResource( 5 )
bus = "Sounds"

[node name="Music" type="AudioStreamPlayer" parent="."]
stream = ExtResource( 6 )
autoplay = true

[node name="BrickSpawnPoints" type="Node" parent="."]
editor/display_folded = true

[node name="Node2D" type="Node2D" parent="BrickSpawnPoints"]
position = Vector2( 48, 96 )

[node name="Node2D15" type="Node2D" parent="BrickSpawnPoints"]
position = Vector2( 48, 128 )

[node name="Node2D23" type="Node2D" parent="BrickSpawnPoints"]
position = Vector2( 48, 160 )

[node name="Node2D4" type="Node2D" parent="BrickSpawnPoints"]
position = Vector2( 112, 96 )

[node name="Node2D14" type="Node2D" parent="BrickSpawnPoints"]
position = Vector2( 112, 128 )

[node name="Node2D26" type="Node2D" parent="BrickSpawnPoints"]
position = Vector2( 112, 160 )

[node name="Node2D9" type="Node2D" parent="BrickSpawnPoints"]
position = Vector2( 96, 112 )

[node name="Node2D19" type="Node2D" parent="BrickSpawnPoints"]
position = Vector2( 96, 144 )

[node name="Node2D6" type="Node2D" parent="BrickSpawnPoints"]
position = Vector2( 176, 96 )

[node name="Node2D16" type="Node2D" parent="BrickSpawnPoints"]
position = Vector2( 176, 128 )

[node name="Node2D24" type="Node2D" parent="BrickSpawnPoints"]
position = Vector2( 176, 160 )

[node name="Node2D11" type="Node2D" parent="BrickSpawnPoints"]
position = Vector2( 160, 112 )

[node name="Node2D22" type="Node2D" parent="BrickSpawnPoints"]
position = Vector2( 160, 144 )

[node name="Node2D2" type="Node2D" parent="BrickSpawnPoints"]
position = Vector2( 80, 96 )

[node name="Node2D10" type="Node2D" parent="BrickSpawnPoints"]
position = Vector2( 80, 128 )

[node name="Node2D27" type="Node2D" parent="BrickSpawnPoints"]
position = Vector2( 80, 160 )

[node name="Node2D7" type="Node2D" parent="BrickSpawnPoints"]
position = Vector2( 64, 112 )

[node name="Node2D21" type="Node2D" parent="BrickSpawnPoints"]
position = Vector2( 64, 144 )

[node name="Node2D3" type="Node2D" parent="BrickSpawnPoints"]
position = Vector2( 144, 96 )

[node name="Node2D13" type="Node2D" parent="BrickSpawnPoints"]
position = Vector2( 144, 128 )

[node name="Node2D28" type="Node2D" parent="BrickSpawnPoints"]
position = Vector2( 144, 160 )

[node name="Node2D8" type="Node2D" parent="BrickSpawnPoints"]
position = Vector2( 128, 112 )

[node name="Node2D18" type="Node2D" parent="BrickSpawnPoints"]
position = Vector2( 128, 144 )

[node name="Node2D5" type="Node2D" parent="BrickSpawnPoints"]
position = Vector2( 208, 96 )

[node name="Node2D17" type="Node2D" parent="BrickSpawnPoints"]
position = Vector2( 208, 128 )

[node name="Node2D25" type="Node2D" parent="BrickSpawnPoints"]
position = Vector2( 208, 160 )

[node name="Node2D12" type="Node2D" parent="BrickSpawnPoints"]
position = Vector2( 192, 112 )

[node name="Node2D20" type="Node2D" parent="BrickSpawnPoints"]
position = Vector2( 192, 144 )

